@article{hellman,
  title={A cryptanalytic time-memory trade-off},
  author={Hellman, Martin},
  journal={IEEE transactions on Information Theory},
  volume={26},
  number={4},
  pages={401--406},
  year={1980},
  publisher={IEEE}
}

@book{rivest,
  title={Cryptography and data security},
  author={Robling Denning, Dorothy Elizabeth},
  year={1982},
  publisher={page 100, Addison-Wesley Longman Publishing Co., Inc.}
}

@inproceedings{rainbow,
  title={Making a faster cryptanalytic time-memory trade-off},
  author={Oechslin, Philippe},
  booktitle={Annual International Cryptology Conference},
  pages={617--630},
  year={2003},
  organization={Springer}
}

@book{handbook,
  title={Handbook of applied cryptography},
  author={Katz, Jonathan and Menezes, Alfred J and Van Oorschot, Paul C and Vanstone, Scott A},
  year={1996},
  publisher={CRC press}
}

@article{birthday,
  title={The birthday problem},
  author={Borja, Mario Cortina and Haigh, John},
  journal={Significance},
  volume={4},
  number={3},
  pages={124--127},
  year={2007},
  publisher={Wiley Online Library}
}
